<?xml version="1.0" encoding="UTF-8"?><collection xmlns="http://www.loc.gov/MARC21/slim"><record><leader>00383nam--2200133-i-4500</leader><controlfield tag="001">000012750</controlfield><controlfield tag="002">20161230</controlfield><controlfield tag="005">20161230201029</controlfield><controlfield tag="008">060222s1000------------r-----000-0-eng-d</controlfield><datafield ind1=" " ind2=" " tag="100"><subfield code="a">Bajeu, G</subfield></datafield><datafield ind1=" " ind2=" " tag="245"><subfield code="a">Stancu, gh</subfield></datafield><datafield ind1=" " ind2=" " tag="260"><subfield code="a">Generatoare De Semnale Sinusoidale. Editia A 2-a Revizuita Si Completata</subfield></datafield><datafield ind1=" " ind2=" " tag="490"><subfield code="a">Bucuresti, Editura Tehnica, 1979 290 P</subfield></datafield><datafield ind1=" " ind2=" " tag="852"><subfield code="a">621.373.42:621.373.12</subfield></datafield></record></collection>